% shkapenyuk02design
@inproceedings{ref1,
	author = {Vladislav Shkapenyuk and Torsten Suel},
	title = {Design and Implementation of a High-Performance Distributed Web Crawler},
	booktitle = "{ICDE}",
	institution = {Polytech University, Brooklyn NY},
	year = {2002},
	journal = {IEEE Internation Conference on Data Engineering}
}

% heydon99mercator
@article{ref2,
	author = {Allan Heydon and Marc Najork},
	title = {Mercator: A Scalable, Extensible Web Crawler},
	journal = "World Wide Web",
	volume = "2",
	number = "4",
	pages = "219-229",
	year = "1999",
	url = "citeseer.ist.psu.edu/heydon99mercator.html"
}

%cho02parallel
@inproceedings{ref3,
	url = "citeseer.ist.psu.edu/cho02parallel.html",
	booktitle = "Proc. of the 11th International World--Wide Web Conference",
	author = {Junghoo Cho and Hector Garci-Molina},
	title = {Parallel Crawlers},
	year = {2002},
	journal = {Proceedings of 11th Internation World-Wide Web Conference},
}
%boldi01trovatore
@inproceedings{ref4,
	booktitle = "{WWW} Posters",
	author = {Paolo Boldi and Bruno Codenotti and Massimo Santini and Sebastiano Vigna},
	title = {UbiCrawler: a scalable fully distributed web crawler},
	year = {2001},
	url = "citeseer.ist.psu.edu/article/boldi01trovatore.html"
}

%cho98efficient
@article{ref5,
	author = {Junghoo Cho and Hector Garc{\'\i}a-Molina and Lawrence Page},
	title = "Efficient Crawling Through {URL} Ordering",
	journal = "Computer Networks and ISDN Systems",
	volume = "30",
    number = "1--7",
    pages = "161--172",
    year = "1998",
    url = "citeseer.ist.psu.edu/article/cho98efficient.html"
}

%henzinger-challenges
@misc{ref6,
	author = {Monika R. Henzinger and Rajeev Motwani and Craig Silverstein},
	title = {Challenges in Web Search Engines},
	month = {October},
	year = {2002},
	url = "citeseer.ist.psu.edu/henzinger02challenges.html"
}

%brin98anatomy
@article{ref7,
	author = {Sergey Brin and Lawrence Page},
	institution = {Stanford University},
	journal = "Computer Networks and ISDN Systems",
	title = {The Anatomy of a Large-Scale Hypertextual Web Search Engine},
	volume = "30",
    number = "1--7",
    pages = "107--117",
    year = "1998",
    url = "citeseer.ist.psu.edu/brin98anatomy.html" 
}

%mn+jw:bfs_hiqh_quality
@inproceedings{ref8,
    author = "Marc Najork and Janet L. Wiener",
    title = "{B}readth-{F}irst {C}rawling {Y}ields 
                 {H}igh-{Q}uality {P}ages",
    booktitle = "Proceedings of the 10th International 
                 World Wide Web Conference",
    publisher = "Elsevier Science",
    address = "Hong Kong",
    pages = "114--118",
    month = "May",
    year = "2001",
    url = "citeseer.ist.psu.edu/najork01breadthfirst.html",
    url = "citeseer.nj.nec.com/najork01breadthfirst.html" }

%chakrabarti99focused
@article{ref9,
    author = "Soumen Chakrabarti and Martin van den Berg and Byron Dom",
    title = "Focused crawling: a new approach to topic-specific {Web} resource discovery",
    journal = "Computer Networks (Amsterdam, Netherlands: 1999)",
    volume = "31",
    number = "11--16",
    pages = "1623--1640",
    year = "1999",
    url = "citeseer.ist.psu.edu/chakrabarti99focused.html" }

@techreport{ref10,
	author = {Ankit Jain and Abhishek Singh and Ling Liu},
	title = {A Scalable, Distributed Web-Crawler},
	institution = {College of Computing, Atlanta, Georgia},
	url = {http://www.cc.gatech.edu/~abhi/crawler.pdf}
}

%broder93some
@misc{ref11,
  author = "A. Broder",
  title = "Some applications of Rabin's fingerprinting method",
  text = "Andrei Z. Broder. Some applications of Rabin's fingerprinting method. In Renato Capocelli, Alfredo De Santis, and Ugo Vaccaro, editors, Sequences II: Methods in Communications, Security, and Computer Science, pages 143--152. Springer-Verlag, 1993.",
  year = "1993",
  url = "citeseer.ist.psu.edu/broder93some.html" }

%283370
@inproceedings{ref12,
 author = {Andrei Z. Broder and Steven C. Glassman and Mark S. Manasse and Geoffrey Zweig},
 title = {Syntactic clustering of the Web},
 booktitle = {Selected papers from the sixth international conference on World Wide Web},
 year = {1997},
 pages = {1157--1166},
 location = {Santa Clara, California, United States},
 doi = {http://dx.doi.org/10.1016/S0169-7552(97)00031-7},
 publisher = {Elsevier Science Publishers Ltd.},
 }

@inproceedings{ref13,
	author = {Ben He and Iadh Ounis},
	institution = {University of Glasgow},
	title = {A Query-based Pre-retrieval Model Selection Approach to Information Retrieval},
	publisher = {Centre De Hautes Etudes Internationales D'Informatique Documentaire},
	url = {http://www.riao.org/},
	month = {April},
	year = {2004},
	booktitle = "Proceedings of the International Computer Assisted Information Retrieval (RIAO 2004) Conference, Avignon (Vaucluse), France, April 26th-28th, 2004"
}

%582416
@article{ref14,
 author = {Gianni Amati and Cornelis Joost {Van Rijsbergen}},
 title = {Probabilistic models of information retrieval based on measuring the divergence from randomness},
 journal = {ACM Trans. Inf. Syst.},
 volume = {20},
 number = {4},
 year = {2002},
 issn = {1046-8188},
 pages = {357--389},
 doi = {http://doi.acm.org/10.1145/582415.582416},
 publisher = {ACM Press},
 }

@article{ref15,
	year = {1999},
	title = {Evolutionary Dynamics of the World Wide Web otherwise known as Growth Dynamics of the World Wide Web},
	author = {Bernardo A. Huberman and Lada A. Adamic},
	institution = {Xerox},
	month = {February},
	journal = {Nature},
	volume = {399},
	pages = {130}
}

@article{ref16,
	author = {Mike Burner},
	title = {Crawling towards Eternity: Building An Archive of The World Wide Web},
	journal = {Webtechniques},
	year = {1997},
	URL = {http://www.webtechniques.com/archives/1997/05/burner/},
	month = {May},
	institution = {The Internet Archive Foundation}
}

%kamvar03exploiting
@misc{ ref17,
  author = "S. Kamvar and T. Haveliwala and C. Manning and G. Golub",
  title = "Exploiting the block structure of the web for computing PageRank",
  text = "S. D. Kamvar, T. H. Haveliwala, C. D. Manning, and G. H. Golub. Exploiting the block structure of the web for computing PageRank. Stanford University Technical Report, 2003.",
  year = "2003",
  url = "citeseer.nj.nec.com/kamvar03exploiting.html" }

@inproceedings{ref18,
	title = {GENVL and wwwww: Tools for taming the web},
	year = {1994},
	author = {O. McBryan},
	booktitle = {Proceedings of 1st International World Wide Web Conference, 1994}
}

@misc{web1,
	title = {htDig},
	note = {http://htdig.org},
	institution = {The ht://Dig Group}
}

@article{lawrence99accessibility,
	author        = "S. Lawrence and C. Lee Giles",
	title = "Accessibility of Information on the Web",
	journal       = "Nature",
	volume        = "400",
	number        = "6740",
	pages = "107--109",
	year  = "1999"
}

@techreport{Lawrence981,
	author = {Lawrence, Page and Sergey, Brin and Motwani, Rajeev and Winograd, Terry},
	title = {The PageRank Citation Ranking: Bringing Order to the Web},
	institution = {Stanford University},
	type =  {Technical Report},
	year  = {1998}
}

@article{kahle97archiving,
	author = {Brewster Kahle},
	title = {Archiving the Internet},
	year = {1997},
	month = {March},
	journal = {Scientific American}
}

@article{kahle97preserving,
	author = {Brewster Kahle},
	title = {Preserving the Internet},
	year = {1997},
	month = {March},
	journal = {Scientific American}
}

@misc{wechsler97multilanguage,
	author = "M. Wechsler and P. Sheridan and P. Schauble",
	title = "Multi-language text indexing for internet retrieval",
	text = "In Proceedings of the 5th RIAO Conference, Computer-Assisted Information Searching on the Internet, Montreal, Canada, pages 217--232.",
	year = "1997",
	url = "citeseer.ist.psu.edu/40861.html" 
}

@inproceedings{xu96query,
	author = "Jinxi Xu and W. Bruce Croft",
	title = "Query Expansion Using Local and Global Document Analysis",
	booktitle = "Proceedings of the Nineteenth Annual International ACM SIGIR Conference on Research and Development in Information Retrieval",
	pages = "4-11",
	year = "1996",
	url = "citeseer.ist.psu.edu/xu96query.html"
}

@misc{site1,
	URL = {http://www.cpan.org/},
	note = {http://www.cpan.org/},
	title = {Comprehensive Perl Archive Network (CPAN)},
	institution = {The Perl Foundation}
}

@misc{site2,
	URL = {http://es.csiro.au/TRECWeb/govinfo.html},
	note =  {http://es.csiro.au/TRECWeb/govinfo.html},
	institution = {Commonwealth Scientific and Industrial Research Organisation},
	title = {The .GOV test collection},
	month = {April},
	year = {2002}
}

@misc{site3,
    URL = {http://es.csiro.au/TRECWeb/wt10g.html},
	note = {http://es.csiro.au/TRECWeb/wt10g.html},
    institution = {Commonwealth Scientific and Industrial Research Organisation},
    title = {TREC Web Corpus : WT10G},
    month = {March},
    year = {2000}
}

@misc{site4,
	URL = {http://www.robotstxt.org/wc/norobots-rfc.html},
	note = {http://www.robotstxt.org/wc/norobots-rfc.html},
	institution = {WebCrawler},
	title = {A Method for Web Robots Control},
	author = {Martijn Koster}	
}

@misc{site5,
	URL = {http://www.robotstxt.org/wc/meta-user.html},
	note =  {http://www.robotstxt.org/wc/meta-user.html},
	institution = {robotstxt.org},
	title = {HTML Author's Guide to the Robots META tag},
}

@misc{site6,
	URL = {http://www.google.com/press/pressrel/6billion.html},
	note = {http://www.google.com/press/pressrel/6billion.html},
	institution = {Google Inc.},
	title = {Google Achieves Search Milestone With Immediate Access To More Than 6 Billion Items}
}

@misc{site7,
	URL = {http://www.google.com/press/overview.html},
	note = {http://www.google.com/press/overview.html},
	institution = {Google Inc.},
	title = {Google Inc. Company Overview}
}

@misc{site8,
	URL = {http://www.highrankings.com/forum/index.php?s=752f3042910811fa4c219459462fac01\&showtopic=2589},
	note = {\\http://www.highrankings.com/forum/index.php?s=752f3042910811fa4c219459462fac01\&showtopic=2589},
	institution = {Highrankings.com},
	title = {Does Google Index At End Of Month?}
}

@misc{rfc821,
	URL = {ftp://ftp.rfc-editor.org/in-notes/rfc821.txt},
	note = {ftp://ftp.rfc-editor.org/in-notes/rfc821.txt},
	title = {RFC821: Simple Mail Transfer Protocol},
	author = {Jonathan B. Postel},
	institution = {University of Southern California},
	month = {August},
	year = {1982}
}

@misc{rfc1321,
	title = {RFC 1321:The MD5 Message-Digest Algorithm},
	institution = {MIT Laboratory for Computer Science and RSA Data Security},
	URL = {ftp://ftp.rfc-editor.org/in-notes/rfc1321.txt},
	note = {ftp://ftp.rfc-editor.org/in-notes/rfc1321.txt},
	author = {Ronald L. Rivest},
	month = {April},
	year = {1992}
}

@misc{rfc2616,
	URL = {ftp://ftp.rfc-editor.org/in-notes/rfc2616.txt},
	note = {ftp://ftp.rfc-editor.org/in-notes/rfc2616.txt},
	title = {RFC2616: Hypertext Transfer Protocol -- HTTP/1.1},
	institution = {The Internet Society},
	author = {UC Irvine and J. Gettys and Compaq/W3C and J. Mogul and Compaq and H. Frystyk and W3C/MIT and L. Masinter and Xerox and P. Leach and Microsoft and Tim Berners-Lee},
	month = {June},
	year = {1999}
}

@book{book1,
	title = {Perl Cookbook},
	booktitle = {Perl Cookbook},
	edition = {Second},
	author = {Tom Christiansen and Nathan Torkington},
	publisher = {O'Rielly},
	year = {2003},
	ISBN = {0596003137}
}

@book{book2,
	title = {Unix Network Programming},
	booktitle = {Unix Network Programming},
	author = {Richard W. Stevens},
	edition = {First},
	year = {1990},
	publisher = {Prentice Hall PTR}
}

@book{book3,
	title = {Mining the Web: Discovering Knowledge from Hypertext Data},
	booktitle = {Mining the Web: Discovering Knowledge from Hypertext Data},
	author = {Soumen Chakrabarti},
	ISBN = {1558607544},
	year = {2002},
	month = {October}
}
